% For style examples, see e.g. https://verbosus.com/bibtex-style-examples.html                    or                    https://www.economics.utoronto.ca/osborne/latex/BIBTEX.HTM


%==========================================================
%----------------------- TEMPLATES ------------------------
%==========================================================

@book
{
    Sakurai,
    AUTHOR      = {Sakurai, J. J. and Napolitano, J.},
    TITLE       = {Modern Quantum Mechanics},
    EDITION     = {2},
    YEAR        = {2017},
    PUBLISHER   = {Cambridge University Press},
    ADDRESS     = {Cambridge, United Kingdom},
    ISBN        = {978-1-108-42241-3 Hardback}
} 


@article
{
    article,
    AUTHOR      = {Einstein, Albert and Newton, Isaac}, 
    TITLE       = {The title of the work}, 
    JOURNAL     = {The name of the journal}, 
    VOLUME      = {4},  
    YEAR        = {1993}, 
    PAGES       = {201--213}, 
    DOI         = {10.1101/838383}
}

%==========================================================
%----------------------- ARTICLES -------------------------
%==========================================================

@article{Zhao,
author = {Zhao, Shengjia and Song, Jiaming and Ermon, Stefano},
title = {InfoVAE: Balancing Learning and Inference in Variational Autoencoders},
journal = {Proceedings of the AAAI Conference on Artificial Intelligence},
volume = {33},
year = {2019},
pages = {5885-5892},
doi = {10.1609/aaai.v33i01.33015885}
}

@article{ReLu,
author = {He, Kaiming and Zhang, Xiangyu and Ren, Shaoqing and Sun, Jian},
title = {Delving Deep into Rectifiers: Surpassing Human-Level Performance on ImageNet Classification},
journal = {IEEE International Conference on Computer Vision (ICCV 2015)},
volume = {1502},
year = {2015},
doi = {10.1109/ICCV.2015.123}
}

@software{jax2018github,
  author = {James Bradbury and Roy Frostig and Peter Hawkins and Matthew James Johnson and Chris Leary and Dougal Maclaurin and George Necula and Adam Paszke and Jake Vander{P}las and Skye Wanderman-{M}ilne and Qiao Zhang},
  title = {{JAX}: composable transformations of {P}ython+{N}um{P}y programs},
  url = {http://github.com/google/jax},
  version = {0.2.5},
  year = {2018},
}


@book{Goodfellow-et-al-2016,
    title={Deep Learning},
    author={Ian Goodfellow and Yoshua Bengio and Aaron Courville},
    publisher={MIT Press},
    note={\url{http://www.deeplearningbook.org}},
    year={2016}
}


@article
{
    cosine_decay,
    AUTHOR      = {Ilya Loshchilov and Frank Hutter}, 
    TITLE       = {{SGDR:} Stochastic Gradient Descent with Restarts}, 
    JOURNAL     = {CoRR}, 
    VOLUME      = {abs/1608.03983},  
    YEAR        = {2016}, 
    EPRINTTYPE  = {arXiv},
    EPRINT      = {1608.03983}, 
    DOI         = {10.48550/arXiv.1608.03983}
}

@article
{
    HH1952,
    AUTHOR      = {Hodgkin, A. L and Huxley, A. F},
    TITLE       = {A quantitative description of membrane current and its application to conduction and excitation in nerve},
    JOURNAL     = {The Journal of physiology},
    VOLUME      = {117},
    YEAR        = {1952},
    NUMBER      = {4},
    PAGES       = {500--544},
}

@book
{
    Sterratt,
    AUTHOR      = {Sterratt, David and Graham, Bruce and Gillies, Andrew and Willshaw, David},
    TITLE       = {Principles of Computational Modelling in Neuroscience},
    PUBLISHER   = {Cambridge University Press}, 
    YEAR        = {2011},
    EDITION     = {1}, 
    ADDRESS     = {Cambridge, UK},
}

@online{action_potential,
 author  = {{www.moleculardevices.com}},
 urldate = {2023-06-20},
 url     = {https://www.moleculardevices.com/applications/patch-clamp-electrophysiology/what-action-potential},
}

@misc{kingma2017adam,
      title={Adam: A Method for Stochastic Optimization}, 
      author={Diederik P. Kingma and Jimmy Ba},
      year={2014},
      eprint={1412.6980},
      archivePrefix={arXiv}
}

@misc{loshchilov2019decoupled,
      title={Decoupled Weight Decay Regularization}, 
      author={Ilya Loshchilov and Frank Hutter},
      year={2019},
      eprint={1711.05101},
      archivePrefix={arXiv}
}

@inproceedings{dozat2016,
	title        = {Incorporating {Nesterov Momentum into Adam}},
	author       = {Dozat, Timothy},
	booktitle    = {Proceedings of the 4th International Conference on Learning Representations},
	pages        = {1--4},
	date         = {2016}
}

@misc{kingma2022autoencoding,
      title={Auto-Encoding Variational Bayes}, 
      author={Kingma, D. P. and Welling, M. },
      year={2014},
      eprint={1312.6114},
      archivePrefix={arXiv}
}

@inproceedings{
higgins2017betavae,
title={beta-{VAE}: Learning Basic Visual Concepts with a Constrained Variational Framework},
author={Irina Higgins and Loic Matthey and Arka Pal and Christopher Burgess and Xavier Glorot and Matthew Botvinick and Shakir Mohamed and Alexander Lerchner},
booktitle={International Conference on Learning Representations},
year={2017},
url={https://openreview.net/forum?id=Sy2fzU9gl}
}